<?xml version="1.0" encoding="UTF-8"?><collection xmlns="http://www.loc.gov/MARC21/slim"><record><leader>00379nam--2200121-i-4500</leader><controlfield tag="001">000031808</controlfield><controlfield tag="002">20161230</controlfield><controlfield tag="005">20161230201038</controlfield><controlfield tag="008">060222s1000------------r-----000-0-eng-d</controlfield><datafield ind1=" " ind2=" " tag="100"><subfield code="a">Matzke, H., Gelbke, W.Und Geselle, P</subfield></datafield><datafield ind1=" " ind2=" " tag="245"><subfield code="a">Einversenkbares messgerat fur hydrographische, speziell optische seewasseruntersuchungen</subfield></datafield><datafield ind1=" " ind2=" " tag="260"><subfield code="a">Berlin, Akademie-verlag, 1953, 70p</subfield></datafield><datafield ind1=" " ind2=" " tag="852"><subfield code="a">4135</subfield></datafield></record></collection>